<?xml version="1.0" encoding="UTF-8"?><record xmlns="http://www.loc.gov/MARC21/slim" xmlns:cinclude="http://apache.org/cocoon/include/1.0" xmlns:zs="http://www.loc.gov/zing/srw/">
  <leader>00407nz  a2200133n  4500</leader>
  <controlfield tag="001">nb2002026893</controlfield>
  <controlfield tag="003">DLC</controlfield>
  <controlfield tag="005">20020416051326.0</controlfield>
  <controlfield tag="008">020308n| acannaabn          |n aaa      </controlfield>
  <datafield tag="010" ind1=" " ind2=" ">
    <subfield code="a">nb2002026893</subfield>
  </datafield>
  <datafield tag="040" ind1=" " ind2=" ">
    <subfield code="a">Uk</subfield>
    <subfield code="b">eng</subfield>
    <subfield code="c">Uk</subfield>
  </datafield>
  <datafield tag="100" ind1="1" ind2="0">
    <subfield code="a">Cockrill, Antje</subfield>
  </datafield>
  <datafield tag="667" ind1=" " ind2=" ">
    <subfield code="a">Data provided by Nat. Lib. Wales</subfield>
  </datafield>
  <datafield tag="670" ind1=" " ind2=" ">
    <subfield code="a">Trainig for multiskilling in small and medium sized engineering companies, 1998:</subfield>
    <subfield code="b">t.p. (Antje Cockrill)</subfield>
  </datafield>
</record>